<record><leader>00000cas a22000007a 4500</leader><controlfield tag="001">17971371</controlfield><controlfield tag="008">880518d19041904nduwr ne      0    0eng d</controlfield><datafield ind1=" " ind2=" " tag="010"><subfield code="a">sn 88076316 </subfield></datafield><datafield ind1=" " ind2=" " tag="040"><subfield code="a">NOP</subfield><subfield code="b">eng</subfield><subfield code="c">NOP</subfield><subfield code="d">OCLCQ</subfield></datafield><datafield ind1=" " ind2=" " tag="042"><subfield code="a">msc</subfield></datafield><datafield ind1="0" ind2="0" tag="245"><subfield code="a">Springbrook eagle.</subfield></datafield><datafield ind1="3" ind2="0" tag="246"><subfield code="a">Spring Brook eagle</subfield></datafield><datafield ind1=" " ind2=" " tag="260"><subfield code="a">Springbrook, N.D. :</subfield><subfield code="b">W.H. Wilber</subfield></datafield><datafield ind1=" " ind2=" " tag="300"><subfield code="a">1 v. ;</subfield><subfield code="c">55 cm.</subfield></datafield><datafield ind1=" " ind2=" " tag="310"><subfield code="a">Weekly</subfield></datafield><datafield ind1="0" ind2=" " tag="362"><subfield code="a">Vol. 1, no. 1 (July 5, 1904)-v. 1, no. 13 (Sept. 19, 1904).</subfield></datafield><datafield ind1=" " ind2=" " tag="530"><subfield code="a">Available on microfilm from the State Historical Society of North Dakota.</subfield></datafield><datafield ind1=" " ind2=" " tag="752"><subfield code="a">United States</subfield><subfield code="b">North Dakota</subfield><subfield code="c">Williams</subfield><subfield code="d">Springbrook.</subfield></datafield><datafield ind1="0" ind2="0" tag="785"><subfield code="t">Spring Brook news</subfield><subfield code="w">(DLC)sn 88076260</subfield></datafield></record>